% Encoding: UTF-8

@Book{ableson2012android,
  author    = {Ableson, W.F. and Sen, R. and King, C. .},
  title     = {Android in Action},
  year      = {2012},
  series    = {Mobile technology},
  publisher = {Manning},
  isbn      = {9781617290503},
  url       = {https://books.google.co.id/books?id=wH1gzgAACAAJ},
  lccn      = {2012361079},
}

@Misc{nielsen2012,
  author  = {Jakob Nielsen},
  title   = {Usability 101: Introduction to Usability.},
  year    = {2012},
  note    = {Diakses pada tanggal 15 Maret 2018},
  url     = {https://www.nngroup.com/articles/usability-101-introduction-to-usability/.},
  urldate = {2018-04-19},
}

@Misc{Michael,
  author  = {Michael.},
  title   = {Extreme Programming – Michael – Medium},
  year    = {2015},
  note    = {Diakses pada tanggal 17 April 2018},
  url     = {https://medium.com/@mikesebastian/extreme-programming-c715e6b8e0e9},
  urldate = {2018-03-18},
}

@Book{Nazruddin,
  author    = {Nazruddin, Safaat H.},
  title     = {Pemrograman Aplikasi Mobile Smartphone dan Tablet PC Berbasis Android.},
  year      = {2012},
  publisher = {Informatika},
}

@Book{supardi2011,
  author    = {Yuniar Supardi},
  title     = {Semua Bisa Menjadi Programmer Android Basic},
  year      = {2011},
  publisher = {PT Elex Media Komputindo},
  address   = {Jakarta},
}

@Misc{Permana,
  author  = {Permana, Y.},
  title   = {Ini Dia Perbedaan Aplikasi Native, Hybrid atau Web - CodePolitan.com},
  year    = {2016},
  note    = {Diakses pada tanggal 20 April 2018},
  url     = {https://www.codepolitan.com/apa-bedanya-aplikasi-native-hybrid-dan-web},
  urldate = {2018-03-06},
}

@Misc{Wahyuni,
  author  = {Wahyuni, A. S.},
  title   = {Apa itu Ionic Framework - CodePolitan.com},
  year    = {2017},
  note    = {Diakses pada tanggal 28 Mei 2018},
  url     = {https://www.codepolitan.com/apa-itu-ionic-framework-57baac4756622-17924},
  urldate = {2018-03-20},
}

@Misc{Shanardi,
  author  = {Shanardi, A.},
  title   = {Pengertian Test Plan},
  year    = {2017},
  note    = {Diakses pada tanggal 20 Juni 2018},
  url     = {http://sis.binus.ac.id/2017/05/03/pengertian-test-plan/},
  urldate = {2018-03-06},
}

@Book{Utama,
  author    = {Utama, A.},
  title     = {Berfikir Objek: Cara Efektif Menguasai Java},
  year      = {2002},
  publisher = {IlmuKomputer.Com},
}

@Misc{senasama,
  author  = {senasama},
  title   = {Pertemuan 5 (Servlet) – SENASAMA BLOG},
  year    = {2016},
  note    = {Diakses pada tanggal 20 Juni 2018},
  url     = {http://senasama.blog.pcr.ac.id/2016/04/24/servlet/},
  urldate = {2016-04-24},
}

@Misc{technopedia,
  author  = {technopedia},
  title   = {What is Google App Engine (GAE)? - Definition from Techopedia},
  year    = {2016},
  note    = {Diakses pada tanggal 21 Juni 2018},
  url     = {https://www.techopedia.com/definition/31267/google-app-engine-gae},
  urldate = {2018-04-24},
}

@Misc{feridi,
  author  = {Feridi},
  title   = {Pentingnya Pengujian Perangkat Lunak - CodePolitan.com},
  year    = {2016},
  note    = {Diakses pada tanggal 25 Juni 2018},
  url     = {https://www.codepolitan.com/pentingnya-pengujian-perangkat-lunak},
  urldate = {2016-02-12},
}

@Comment{jabref-meta: databaseType:biblatex;}
